<?xml version="1.0" encoding="UTF-8"?><record xmlns="http://www.loc.gov/MARC21/slim" xmlns:cinclude="http://apache.org/cocoon/include/1.0" xmlns:zs="http://www.loc.gov/zing/srw/">
  <leader>00467nz  a2200145n  4500</leader>
  <controlfield tag="001">n  90660709 </controlfield>
  <controlfield tag="003">DLC</controlfield>
  <controlfield tag="005">19900622094610.7</controlfield>
  <controlfield tag="008">900622n| acannaab|          |n aaa |||  </controlfield>
  <datafield tag="010" ind1=" " ind2=" ">
    <subfield code="a">n  90660709 </subfield>
  </datafield>
  <datafield tag="040" ind1=" " ind2=" ">
    <subfield code="a">DLC</subfield>
    <subfield code="c">DLC</subfield>
  </datafield>
  <datafield tag="100" ind1="1" ind2="0">
    <subfield code="a">Faivre, Jean-Paul</subfield>
  </datafield>
  <datafield tag="667" ind1=" " ind2=" ">
    <subfield code="a">Old catalog heading: Faivre, Jean Paul</subfield>
  </datafield>
  <datafield tag="670" ind1=" " ind2=" ">
    <subfield code="a">His L'expansion francĚ§aise dans le Pacifique de 1800 aĚ 1842, c1953:</subfield>
    <subfield code="b">t.p. (Jean-Paul Faivre)</subfield>
  </datafield>
  <datafield tag="670" ind1=" " ind2=" ">
    <subfield code="a">LC manual auth. cd.</subfield>
    <subfield code="b">(hdg.: Faivre, Jean Paul)</subfield>
  </datafield>
</record>